
   <marc:record>
      <marc:leader>     ccm a22        4500</marc:leader>
      <marc:controlfield tag="001">1726847136</marc:controlfield>
      <marc:controlfield tag="003">DE-627</marc:controlfield>
      <marc:controlfield tag="005">20200916092447.0</marc:controlfield>
      <marc:controlfield tag="007">qu</marc:controlfield>
      <marc:controlfield tag="008">200812s1938    xx ||||| |||| ||| | ger c</marc:controlfield>
      <marc:datafield tag="028" ind1="2" ind2="2">
         <marc:subfield code="a">Beboton 739</marc:subfield>
      </marc:datafield>
      <marc:datafield tag="035" ind1=" " ind2=" ">
         <marc:subfield code="a">(DE-627)1726847136</marc:subfield>
      </marc:datafield>
      <marc:datafield tag="035" ind1=" " ind2=" ">
         <marc:subfield code="a">(DE-599)KXP1726847136</marc:subfield>
      </marc:datafield>
      <marc:datafield tag="035" ind1=" " ind2=" ">
         <marc:subfield code="a">(OCoLC)255471766</marc:subfield>
      </marc:datafield>
      <marc:datafield tag="040" ind1=" " ind2=" ">
         <marc:subfield code="a">DE-576</marc:subfield>
         <marc:subfield code="b">ger</marc:subfield>
         <marc:subfield code="c">DE-576</marc:subfield>
         <marc:subfield code="e">rda</marc:subfield>
      </marc:datafield>
      <marc:datafield tag="041" ind1=" " ind2=" ">
         <marc:subfield code="a">ger</marc:subfield>
      </marc:datafield>
      <marc:datafield tag="084" ind1=" " ind2=" ">
         <marc:subfield code="a">LS 78615</marc:subfield>
         <marc:subfield code="2">rvk</marc:subfield>
         <marc:subfield code="0">(DE-625)rvk/110763:</marc:subfield>
      </marc:datafield>
      <marc:datafield tag="100" ind1="1" ind2=" ">
         <marc:subfield code="a">Borchert, Walter</marc:subfield>
         <marc:subfield code="d">1891-1943</marc:subfield>
         <marc:subfield code="e">KomponistIn</marc:subfield>
         <marc:subfield code="0">(DE-588)143173561</marc:subfield>
         <marc:subfield code="0">(DE-627)643876448</marc:subfield>
         <marc:subfield code="0">(DE-576)335470874</marc:subfield>
         <marc:subfield code="4">cmp</marc:subfield>
      </marc:datafield>
      <marc:datafield tag="245" ind1="1" ind2="0">
         <marc:subfield code="a">Alles tanzt und singt</marc:subfield>
         <marc:subfield code="b">Schlager-Potpourri</marc:subfield>
         <marc:subfield code="c">von Walter Borchert</marc:subfield>
      </marc:datafield>
      <marc:datafield tag="250" ind1=" " ind2=" ">
         <marc:subfield code="a">Für Salon-Orchester</marc:subfield>
      </marc:datafield>
      <marc:datafield tag="264" ind1=" " ind2="1">
         <marc:subfield code="a">Berlin</marc:subfield>
         <marc:subfield code="b">Beboton-Verlag</marc:subfield>
         <marc:subfield code="c">[1938]</marc:subfield>
      </marc:datafield>
      <marc:datafield tag="300" ind1=" " ind2=" ">
         <marc:subfield code="a">14 Stimmen</marc:subfield>
      </marc:datafield>
      <marc:datafield tag="336" ind1=" " ind2=" ">
         <marc:subfield code="a">Noten</marc:subfield>
         <marc:subfield code="b">ntm</marc:subfield>
         <marc:subfield code="2">rdacontent</marc:subfield>
      </marc:datafield>
      <marc:datafield tag="337" ind1=" " ind2=" ">
         <marc:subfield code="a">ohne Hilfsmittel zu benutzen</marc:subfield>
         <marc:subfield code="b">n</marc:subfield>
         <marc:subfield code="2">rdamedia</marc:subfield>
      </marc:datafield>
      <marc:datafield tag="338" ind1=" " ind2=" ">
         <marc:subfield code="a">Band</marc:subfield>
         <marc:subfield code="b">nc</marc:subfield>
         <marc:subfield code="2">rdacarrier</marc:subfield>
      </marc:datafield>
      <marc:datafield tag="348" ind1=" " ind2=" ">
         <marc:subfield code="a">Stimme, Musikalische Ausgabeform</marc:subfield>
         <marc:subfield code="0">(DE-588)1071380443</marc:subfield>
         <marc:subfield code="0">(DE-627)825820618</marc:subfield>
         <marc:subfield code="0">(DE-576)433060638</marc:subfield>
         <marc:subfield code="2">gnd-music</marc:subfield>
      </marc:datafield>
      <marc:datafield tag="505" ind1="8" ind2="0">
         <marc:subfield code="t">Enth.: Ich liebe dich : langsamer Walzer</marc:subfield>
         <marc:subfield code="r">Text: Ernst Marischka ; Musik: Robert Stolz</marc:subfield>
      </marc:datafield>
      <marc:datafield tag="505" ind1="8" ind2="0">
         <marc:subfield code="t">Man darf bei den Mädels nicht schüchtern sein : Foxtrot</marc:subfield>
         <marc:subfield code="r">Text: Bruno Balz; Musik: Robert Stolz</marc:subfield>
      </marc:datafield>
      <marc:datafield tag="505" ind1="8" ind2="0">
         <marc:subfield code="t">Ich träum' beim ersten Kuß : Tango</marc:subfield>
         <marc:subfield code="r">Text: Kurt Feltz ; Musik: Willy Richartz</marc:subfield>
      </marc:datafield>
      <marc:datafield tag="505" ind1="8" ind2="0">
         <marc:subfield code="t">Die Liebe ist das Element des Lebens : Paso doble</marc:subfield>
         <marc:subfield code="r">Text: Franz Baumann ; Musik: Ernst Erich Buder</marc:subfield>
      </marc:datafield>
      <marc:datafield tag="505" ind1="8" ind2="0">
         <marc:subfield code="t">Ich werde jede Nacht von Ihnen träumen : Foxtrot</marc:subfield>
         <marc:subfield code="r">Text: Hans Fritz Beckmann ; Musik: Peter Kreuder/Friedrich Schröder</marc:subfield>
      </marc:datafield>
      <marc:datafield tag="505" ind1="8" ind2="0">
         <marc:subfield code="t">Ein zärtliches Lied : langsamer Walzer</marc:subfield>
         <marc:subfield code="r">Text: C.Amberg ; Musik: Peter Fenyes</marc:subfield>
      </marc:datafield>
      <marc:datafield tag="505" ind1="8" ind2="0">
         <marc:subfield code="t">Tanze und sing'... : Foxtrot</marc:subfield>
         <marc:subfield code="r">Text: Bruno Elsner ; Musik: Gerhard Winkler</marc:subfield>
      </marc:datafield>
      <marc:datafield tag="505" ind1="8" ind2="0">
         <marc:subfield code="t">Am Rio Negro : Argentinischer Tango</marc:subfield>
         <marc:subfield code="r">Text: Günther Schwenn ; Musik: Fred Raymond</marc:subfield>
      </marc:datafield>
      <marc:datafield tag="505" ind1="8" ind2="0">
         <marc:subfield code="t">Die Juliska aus Budapest : Foxtrot</marc:subfield>
         <marc:subfield code="r">Text: Günther Schwenn ; Musik: Fred Raymond</marc:subfield>
      </marc:datafield>
      <marc:datafield tag="505" ind1="8" ind2="0">
         <marc:subfield code="t">Gib acht auf den Jahrgang : Schunkelwalzer</marc:subfield>
         <marc:subfield code="r">Text:Jupp Schlösser ; Musik: Gerh. Jussenhoven</marc:subfield>
      </marc:datafield>
      <marc:datafield tag="505" ind1="8" ind2="0">
         <marc:subfield code="t">Immer, wenn ich glücklich bin : langsamer Foxtrot</marc:subfield>
         <marc:subfield code="r">Text: Ernst Marischka ; Musik: Franz Grothe</marc:subfield>
      </marc:datafield>
      <marc:datafield tag="505" ind1="8" ind2="0">
         <marc:subfield code="t">Puppenparade : Marschfoxtrot</marc:subfield>
         <marc:subfield code="r">Text: Bruno Balz ; Musik: Gerhard Winkler</marc:subfield>
      </marc:datafield>
      <marc:datafield tag="505" ind1="8" ind2="0">
         <marc:subfield code="t">Der Wind hat mir ein Lied erzählt : Tango</marc:subfield>
         <marc:subfield code="r">Text: Bruno Balz ; Musik: Lothar Brühne</marc:subfield>
      </marc:datafield>
      <marc:datafield tag="505" ind1="8" ind2="0">
         <marc:subfield code="t">Komm mit nach Madeira : Foxtrot</marc:subfield>
         <marc:subfield code="r">Text: Richard Bars ; Musik: Eduard Künneke</marc:subfield>
      </marc:datafield>
      <marc:datafield tag="700" ind1="1" ind2=" ">
         <marc:subfield code="a">Stolz, Robert</marc:subfield>
         <marc:subfield code="d">1880-1975</marc:subfield>
         <marc:subfield code="e">KomponistIn</marc:subfield>
         <marc:subfield code="0">(DE-588)118618652</marc:subfield>
         <marc:subfield code="0">(DE-627)194476383</marc:subfield>
         <marc:subfield code="0">(DE-576)167985787</marc:subfield>
         <marc:subfield code="4">cmp</marc:subfield>
      </marc:datafield>
      <marc:datafield tag="700" ind1="1" ind2=" ">
         <marc:subfield code="a">Marischka, Ernst</marc:subfield>
         <marc:subfield code="d">1893-1963</marc:subfield>
         <marc:subfield code="e">TextdichterIn</marc:subfield>
         <marc:subfield code="0">(DE-588)120522004</marc:subfield>
         <marc:subfield code="0">(DE-627)080726569</marc:subfield>
         <marc:subfield code="0">(DE-576)164796509</marc:subfield>
         <marc:subfield code="4">lyr</marc:subfield>
      </marc:datafield>
      <marc:datafield tag="700" ind1="1" ind2=" ">
         <marc:subfield code="a">Balz, Bruno</marc:subfield>
         <marc:subfield code="d">1902-1988</marc:subfield>
         <marc:subfield code="e">TextdichterIn</marc:subfield>
         <marc:subfield code="0">(DE-588)128968214</marc:subfield>
         <marc:subfield code="0">(DE-627)386151407</marc:subfield>
         <marc:subfield code="0">(DE-576)168379503</marc:subfield>
         <marc:subfield code="4">lyr</marc:subfield>
      </marc:datafield>
      <marc:datafield tag="700" ind1="1" ind2=" ">
         <marc:subfield code="a">Richartz, Willy</marc:subfield>
         <marc:subfield code="d">1900-1972</marc:subfield>
         <marc:subfield code="e">KomponistIn</marc:subfield>
         <marc:subfield code="0">(DE-588)116508809</marc:subfield>
         <marc:subfield code="0">(DE-627)078004276</marc:subfield>
         <marc:subfield code="0">(DE-576)168497131</marc:subfield>
         <marc:subfield code="4">cmp</marc:subfield>
      </marc:datafield>
      <marc:datafield tag="700" ind1="1" ind2=" ">
         <marc:subfield code="a">Feltz, Kurt</marc:subfield>
         <marc:subfield code="d">1910-1982</marc:subfield>
         <marc:subfield code="e">TextdichterIn</marc:subfield>
         <marc:subfield code="0">(DE-588)104000554</marc:subfield>
         <marc:subfield code="0">(DE-627)613778227</marc:subfield>
         <marc:subfield code="0">(DE-576)313608520</marc:subfield>
         <marc:subfield code="4">lyr</marc:subfield>
      </marc:datafield>
      <marc:datafield tag="700" ind1="1" ind2=" ">
         <marc:subfield code="a">Buder, Ernst Erich</marc:subfield>
         <marc:subfield code="d">1896-1962</marc:subfield>
         <marc:subfield code="e">KomponistIn</marc:subfield>
         <marc:subfield code="0">(DE-588)135176662</marc:subfield>
         <marc:subfield code="0">(DE-627)576380970</marc:subfield>
         <marc:subfield code="0">(DE-576)171910370</marc:subfield>
         <marc:subfield code="4">cmp</marc:subfield>
      </marc:datafield>
      <marc:datafield tag="700" ind1="1" ind2=" ">
         <marc:subfield code="a">Baumann, Franz</marc:subfield>
         <marc:subfield code="e">TextdichterIn</marc:subfield>
         <marc:subfield code="0">(DE-588)134859510</marc:subfield>
         <marc:subfield code="0">(DE-627)576104450</marc:subfield>
         <marc:subfield code="0">(DE-576)317146165</marc:subfield>
         <marc:subfield code="4">lyr</marc:subfield>
      </marc:datafield>
      <marc:datafield tag="700" ind1="1" ind2=" ">
         <marc:subfield code="a">Kreuder, Peter</marc:subfield>
         <marc:subfield code="d">1905-1981</marc:subfield>
         <marc:subfield code="e">KomponistIn</marc:subfield>
         <marc:subfield code="0">(DE-588)118566725</marc:subfield>
         <marc:subfield code="0">(DE-627)079363075</marc:subfield>
         <marc:subfield code="0">(DE-576)168061341</marc:subfield>
         <marc:subfield code="4">cmp</marc:subfield>
      </marc:datafield>
      <marc:datafield tag="700" ind1="1" ind2=" ">
         <marc:subfield code="a">Schröder, Friedrich</marc:subfield>
         <marc:subfield code="d">1910-1972</marc:subfield>
         <marc:subfield code="e">KomponistIn</marc:subfield>
         <marc:subfield code="0">(DE-588)132131358</marc:subfield>
         <marc:subfield code="0">(DE-627)518393062</marc:subfield>
         <marc:subfield code="0">(DE-576)258424346</marc:subfield>
         <marc:subfield code="4">cmp</marc:subfield>
      </marc:datafield>
      <marc:datafield tag="700" ind1="1" ind2=" ">
         <marc:subfield code="a">Beckmann, Hans Fritz</marc:subfield>
         <marc:subfield code="d">1909-1975</marc:subfield>
         <marc:subfield code="e">TextdichterIn</marc:subfield>
         <marc:subfield code="0">(DE-588)126803625</marc:subfield>
         <marc:subfield code="0">(DE-627)596117388</marc:subfield>
         <marc:subfield code="0">(DE-576)305320572</marc:subfield>
         <marc:subfield code="4">lyr</marc:subfield>
      </marc:datafield>
      <marc:datafield tag="700" ind1="1" ind2=" ">
         <marc:subfield code="a">Fenyes, Peter</marc:subfield>
         <marc:subfield code="d">1912-1986</marc:subfield>
         <marc:subfield code="e">KomponistIn</marc:subfield>
         <marc:subfield code="0">(DE-588)132311224</marc:subfield>
         <marc:subfield code="0">(DE-627)521416477</marc:subfield>
         <marc:subfield code="0">(DE-576)299067319</marc:subfield>
         <marc:subfield code="4">cmp</marc:subfield>
      </marc:datafield>
      <marc:datafield tag="700" ind1="1" ind2=" ">
         <marc:subfield code="a">Winkler, Gerhard</marc:subfield>
         <marc:subfield code="d">1906-1977</marc:subfield>
         <marc:subfield code="e">KomponistIn</marc:subfield>
         <marc:subfield code="0">(DE-588)118816543</marc:subfield>
         <marc:subfield code="0">(DE-627)079590780</marc:subfield>
         <marc:subfield code="0">(DE-576)209606959</marc:subfield>
         <marc:subfield code="4">cmp</marc:subfield>
      </marc:datafield>
      <marc:datafield tag="700" ind1="1" ind2=" ">
         <marc:subfield code="a">Elsner, Bruno</marc:subfield>
         <marc:subfield code="e">TextdichterIn</marc:subfield>
         <marc:subfield code="0">(DE-588)1069521264</marc:subfield>
         <marc:subfield code="0">(DE-627)821966049</marc:subfield>
         <marc:subfield code="0">(DE-576)429221894</marc:subfield>
         <marc:subfield code="4">lyr</marc:subfield>
      </marc:datafield>
      <marc:datafield tag="700" ind1="1" ind2=" ">
         <marc:subfield code="a">Raymond, Fred</marc:subfield>
         <marc:subfield code="d">1900-1954</marc:subfield>
         <marc:subfield code="e">KomponistIn</marc:subfield>
         <marc:subfield code="0">(DE-588)119432676</marc:subfield>
         <marc:subfield code="0">(DE-627)321488660</marc:subfield>
         <marc:subfield code="0">(DE-576)168445468</marc:subfield>
         <marc:subfield code="4">cmp</marc:subfield>
      </marc:datafield>
      <marc:datafield tag="700" ind1="1" ind2=" ">
         <marc:subfield code="a">Schwenn, Günther</marc:subfield>
         <marc:subfield code="d">1903-1991</marc:subfield>
         <marc:subfield code="e">TextdichterIn</marc:subfield>
         <marc:subfield code="0">(DE-588)12637967X</marc:subfield>
         <marc:subfield code="0">(DE-627)694242721</marc:subfield>
         <marc:subfield code="0">(DE-576)295704489</marc:subfield>
         <marc:subfield code="4">lyr</marc:subfield>
      </marc:datafield>
      <marc:datafield tag="700" ind1="1" ind2=" ">
         <marc:subfield code="a">Jussenhoven, Gerhard</marc:subfield>
         <marc:subfield code="d">1911-2006</marc:subfield>
         <marc:subfield code="e">KomponistIn</marc:subfield>
         <marc:subfield code="0">(DE-588)103906886</marc:subfield>
         <marc:subfield code="0">(DE-627)515951617</marc:subfield>
         <marc:subfield code="0">(DE-576)288896211</marc:subfield>
         <marc:subfield code="4">cmp</marc:subfield>
      </marc:datafield>
      <marc:datafield tag="700" ind1="1" ind2=" ">
         <marc:subfield code="a">Schlösser, Jupp</marc:subfield>
         <marc:subfield code="d">1902-1983</marc:subfield>
         <marc:subfield code="e">TextdichterIn</marc:subfield>
         <marc:subfield code="0">(DE-588)135155010</marc:subfield>
         <marc:subfield code="0">(DE-627)576362077</marc:subfield>
         <marc:subfield code="0">(DE-576)300479727</marc:subfield>
         <marc:subfield code="4">lyr</marc:subfield>
      </marc:datafield>
      <marc:datafield tag="700" ind1="1" ind2=" ">
         <marc:subfield code="a">Grothe, Franz</marc:subfield>
         <marc:subfield code="d">1908-1982</marc:subfield>
         <marc:subfield code="e">KomponistIn</marc:subfield>
         <marc:subfield code="0">(DE-588)118698257</marc:subfield>
         <marc:subfield code="0">(DE-627)07948025X</marc:subfield>
         <marc:subfield code="0">(DE-576)168660504</marc:subfield>
         <marc:subfield code="4">cmp</marc:subfield>
      </marc:datafield>
      <marc:datafield tag="700" ind1="1" ind2=" ">
         <marc:subfield code="a">Marischka, Ernst</marc:subfield>
         <marc:subfield code="d">1893-1963</marc:subfield>
         <marc:subfield code="e">TextdichterIn</marc:subfield>
         <marc:subfield code="0">(DE-588)120522004</marc:subfield>
         <marc:subfield code="0">(DE-627)080726569</marc:subfield>
         <marc:subfield code="0">(DE-576)164796509</marc:subfield>
         <marc:subfield code="4">lyr</marc:subfield>
      </marc:datafield>
      <marc:datafield tag="700" ind1="1" ind2=" ">
         <marc:subfield code="a">Brühne, Lothar</marc:subfield>
         <marc:subfield code="d">1900-1958</marc:subfield>
         <marc:subfield code="e">KomponistIn</marc:subfield>
         <marc:subfield code="0">(DE-588)134637550</marc:subfield>
         <marc:subfield code="0">(DE-627)575914815</marc:subfield>
         <marc:subfield code="0">(DE-576)168667584</marc:subfield>
         <marc:subfield code="4">cmp</marc:subfield>
      </marc:datafield>
      <marc:datafield tag="700" ind1="1" ind2=" ">
         <marc:subfield code="a">Künneke, Eduard</marc:subfield>
         <marc:subfield code="d">1885-1953</marc:subfield>
         <marc:subfield code="e">KomponistIn</marc:subfield>
         <marc:subfield code="0">(DE-588)118567713</marc:subfield>
         <marc:subfield code="0">(DE-627)044053029</marc:subfield>
         <marc:subfield code="0">(DE-576)171231465</marc:subfield>
         <marc:subfield code="4">cmp</marc:subfield>
      </marc:datafield>
      <marc:datafield tag="700" ind1="1" ind2=" ">
         <marc:subfield code="a">Bars, Richard</marc:subfield>
         <marc:subfield code="d">1890-1987</marc:subfield>
         <marc:subfield code="e">TextdichterIn</marc:subfield>
         <marc:subfield code="0">(DE-588)116062118</marc:subfield>
         <marc:subfield code="0">(DE-627)077591615</marc:subfield>
         <marc:subfield code="0">(DE-576)290182913</marc:subfield>
         <marc:subfield code="4">lyr</marc:subfield>
      </marc:datafield>
      <marc:datafield tag="935" ind1=" " ind2=" ">
         <marc:subfield code="c">muno</marc:subfield>
      </marc:datafield>
      <marc:datafield tag="936" ind1="r" ind2="v">
         <marc:subfield code="a">LS 78615</marc:subfield>
         <marc:subfield code="b">Schlager</marc:subfield>
         <marc:subfield code="k">Musikwissenschaft</marc:subfield>
         <marc:subfield code="k">II. Musica practica</marc:subfield>
         <marc:subfield code="k">Musikalische Volks- und Völkerkunde: Musica practica</marc:subfield>
         <marc:subfield code="k">Musik der außereuropäischen Völker -  Practica (Materialsammlungen)</marc:subfield>
         <marc:subfield code="k">Afroamerikanische Musik, internationaler Schlager,  Popmusik, Rockmusik, Worldmusic, Jazz u.a.</marc:subfield>
         <marc:subfield code="k">Schlager</marc:subfield>
         <marc:subfield code="0">(DE-627)1441221190</marc:subfield>
         <marc:subfield code="0">(DE-625)rvk/110763:</marc:subfield>
         <marc:subfield code="0">(DE-576)371221196</marc:subfield>
      </marc:datafield>
      <marc:datafield tag="951" ind1=" " ind2=" ">
         <marc:subfield code="a">BO</marc:subfield>
      </marc:datafield>
   </marc:record>