
   <marc:record>
      <marc:leader>     cam a22        4500</marc:leader>
      <marc:controlfield tag="001">1700152580</marc:controlfield>
      <marc:controlfield tag="003">DE-627</marc:controlfield>
      <marc:controlfield tag="005">20200825143446.0</marc:controlfield>
      <marc:controlfield tag="007">tu</marc:controlfield>
      <marc:controlfield tag="008">200608s1990    xx |||||      01| ||ger c</marc:controlfield>
      <marc:datafield tag="035" ind1=" " ind2=" ">
         <marc:subfield code="a">(DE-627)1700152580</marc:subfield>
      </marc:datafield>
      <marc:datafield tag="035" ind1=" " ind2=" ">
         <marc:subfield code="a">(DE-599)KXP1700152580</marc:subfield>
      </marc:datafield>
      <marc:datafield tag="035" ind1=" " ind2=" ">
         <marc:subfield code="a">(OCoLC)1190697559</marc:subfield>
      </marc:datafield>
      <marc:datafield tag="040" ind1=" " ind2=" ">
         <marc:subfield code="a">DE-576</marc:subfield>
         <marc:subfield code="b">ger</marc:subfield>
         <marc:subfield code="c">DE-576</marc:subfield>
         <marc:subfield code="e">rda</marc:subfield>
      </marc:datafield>
      <marc:datafield tag="041" ind1=" " ind2=" ">
         <marc:subfield code="a">ger</marc:subfield>
      </marc:datafield>
      <marc:datafield tag="084" ind1=" " ind2=" ">
         <marc:subfield code="a">AP 85250</marc:subfield>
         <marc:subfield code="2">rvk</marc:subfield>
         <marc:subfield code="0">(DE-625)rvk/8052:</marc:subfield>
      </marc:datafield>
      <marc:datafield tag="111" ind1="2" ind2=" ">
         <marc:subfield code="a">Bundes-Volkstanz-Treffen</marc:subfield>
         <marc:subfield code="n">12.</marc:subfield>
         <marc:subfield code="d">1990</marc:subfield>
         <marc:subfield code="c">Münster</marc:subfield>
         <marc:subfield code="j">VerfasserIn</marc:subfield>
         <marc:subfield code="0">(DE-588)1212047591</marc:subfield>
         <marc:subfield code="0">(DE-627)1700640941</marc:subfield>
         <marc:subfield code="4">aut</marc:subfield>
      </marc:datafield>
      <marc:datafield tag="245" ind1="1" ind2="0">
         <marc:subfield code="a">Festschrift</marc:subfield>
         <marc:subfield code="b">12. Bundes-Volkstanz-Treffen 26.07.-29.07.1990 in Münster</marc:subfield>
         <marc:subfield code="c">Deutsche Gesellschaft für Volkstanz e.V. ; Redaktion und Gestaltung: Wolfgang Warbinek, Koblenz</marc:subfield>
      </marc:datafield>
      <marc:datafield tag="246" ind1="1" ind2=" ">
         <marc:subfield code="i">Abweichender Titel</marc:subfield>
         <marc:subfield code="a">Bundes Volkstanz Treffen 1990 Münster</marc:subfield>
      </marc:datafield>
      <marc:datafield tag="264" ind1=" " ind2="1">
         <marc:subfield code="a">[Münster]</marc:subfield>
         <marc:subfield code="b">Deutsche Gesellschaft für Volkstanz e.V.</marc:subfield>
         <marc:subfield code="c">1990</marc:subfield>
      </marc:datafield>
      <marc:datafield tag="300" ind1=" " ind2=" ">
         <marc:subfield code="a">52 Seiten</marc:subfield>
         <marc:subfield code="b">Illustrationen, Karten</marc:subfield>
      </marc:datafield>
      <marc:datafield tag="336" ind1=" " ind2=" ">
         <marc:subfield code="a">Text</marc:subfield>
         <marc:subfield code="b">txt</marc:subfield>
         <marc:subfield code="2">rdacontent</marc:subfield>
      </marc:datafield>
      <marc:datafield tag="337" ind1=" " ind2=" ">
         <marc:subfield code="a">ohne Hilfsmittel zu benutzen</marc:subfield>
         <marc:subfield code="b">n</marc:subfield>
         <marc:subfield code="2">rdamedia</marc:subfield>
      </marc:datafield>
      <marc:datafield tag="338" ind1=" " ind2=" ">
         <marc:subfield code="a">Band</marc:subfield>
         <marc:subfield code="b">nc</marc:subfield>
         <marc:subfield code="2">rdacarrier</marc:subfield>
      </marc:datafield>
      <marc:datafield tag="500" ind1=" " ind2=" ">
         <marc:subfield code="a">Umschlagtitel</marc:subfield>
      </marc:datafield>
      <marc:datafield tag="655" ind1=" " ind2="7">
         <marc:subfield code="a">Konferenzschrift</marc:subfield>
         <marc:subfield code="0">(DE-588)1071861417</marc:subfield>
         <marc:subfield code="0">(DE-627)826484824</marc:subfield>
         <marc:subfield code="0">(DE-576)433375485</marc:subfield>
         <marc:subfield code="2">gnd-content</marc:subfield>
      </marc:datafield>
      <marc:datafield tag="655" ind1=" " ind2="7">
         <marc:subfield code="a">Festschrift</marc:subfield>
         <marc:subfield code="0">(DE-588)4016928-5</marc:subfield>
         <marc:subfield code="0">(DE-627)104400986</marc:subfield>
         <marc:subfield code="0">(DE-576)208917802</marc:subfield>
         <marc:subfield code="2">gnd-content</marc:subfield>
      </marc:datafield>
      <marc:datafield tag="700" ind1="1" ind2=" ">
         <marc:subfield code="a">Warbinek, Wolfgang</marc:subfield>
         <marc:subfield code="e">HerausgeberIn</marc:subfield>
         <marc:subfield code="0">(DE-588)134612566</marc:subfield>
         <marc:subfield code="0">(DE-627)692444718</marc:subfield>
         <marc:subfield code="0">(DE-576)300449356</marc:subfield>
         <marc:subfield code="4">edt</marc:subfield>
      </marc:datafield>
      <marc:datafield tag="710" ind1="2" ind2=" ">
         <marc:subfield code="a">Deutsche Gesellschaft für Volkstanz</marc:subfield>
         <marc:subfield code="e">Herausgebendes Organ</marc:subfield>
         <marc:subfield code="0">(DE-588)2082917-6</marc:subfield>
         <marc:subfield code="0">(DE-627)100127282</marc:subfield>
         <marc:subfield code="0">(DE-576)192506536</marc:subfield>
         <marc:subfield code="4">isb</marc:subfield>
      </marc:datafield>
      <marc:datafield tag="936" ind1="r" ind2="v">
         <marc:subfield code="a">AP 85250</marc:subfield>
         <marc:subfield code="b">Volkstanzpflege</marc:subfield>
         <marc:subfield code="k">Allgemeines</marc:subfield>
         <marc:subfield code="k">Medien- und Kommunikationswissenschaften, Kommunikationsdesign</marc:subfield>
         <marc:subfield code="k">Tanz</marc:subfield>
         <marc:subfield code="k">Volkstanz</marc:subfield>
         <marc:subfield code="k">Volkstanzpflege</marc:subfield>
         <marc:subfield code="0">(DE-627)1270693573</marc:subfield>
         <marc:subfield code="0">(DE-625)rvk/8052:</marc:subfield>
         <marc:subfield code="0">(DE-576)200693573</marc:subfield>
      </marc:datafield>
      <marc:datafield tag="951" ind1=" " ind2=" ">
         <marc:subfield code="a">BO</marc:subfield>
      </marc:datafield>
   </marc:record>