
   <marc:record>
      <marc:leader>     cam a22        4500</marc:leader>
      <marc:controlfield tag="001">017661048</marc:controlfield>
      <marc:controlfield tag="003">DE-576</marc:controlfield>
      <marc:controlfield tag="005">20201210093237.0</marc:controlfield>
      <marc:controlfield tag="007">tu</marc:controlfield>
      <marc:controlfield tag="008">890509s1988    xx |||||      00| ||ger c</marc:controlfield>
      <marc:datafield tag="015" ind1=" " ind2=" ">
         <marc:subfield code="a">89,A13,0218</marc:subfield>
         <marc:subfield code="2">dnb</marc:subfield>
      </marc:datafield>
      <marc:datafield tag="016" ind1="7" ind2=" ">
         <marc:subfield code="a">890470952</marc:subfield>
         <marc:subfield code="2">DE-101</marc:subfield>
      </marc:datafield>
      <marc:datafield tag="020" ind1=" " ind2=" ">
         <marc:subfield code="a">3740400463</marc:subfield>
         <marc:subfield code="9">3-7404-0046-3</marc:subfield>
      </marc:datafield>
      <marc:datafield tag="035" ind1=" " ind2=" ">
         <marc:subfield code="a">(DE-627)1646925246</marc:subfield>
      </marc:datafield>
      <marc:datafield tag="035" ind1=" " ind2=" ">
         <marc:subfield code="a">(DE-576)017661048</marc:subfield>
      </marc:datafield>
      <marc:datafield tag="035" ind1=" " ind2=" ">
         <marc:subfield code="a">(DE-599)DNB890470952</marc:subfield>
      </marc:datafield>
      <marc:datafield tag="035" ind1=" " ind2=" ">
         <marc:subfield code="a">(OCoLC)310953191</marc:subfield>
      </marc:datafield>
      <marc:datafield tag="040" ind1=" " ind2=" ">
         <marc:subfield code="a">DE-576</marc:subfield>
         <marc:subfield code="b">ger</marc:subfield>
         <marc:subfield code="c">DE-576</marc:subfield>
         <marc:subfield code="e">rakwb</marc:subfield>
      </marc:datafield>
      <marc:datafield tag="041" ind1=" " ind2=" ">
         <marc:subfield code="a">ger</marc:subfield>
      </marc:datafield>
      <marc:datafield tag="084" ind1=" " ind2=" ">
         <marc:subfield code="a">LR 57800</marc:subfield>
         <marc:subfield code="2">rvk</marc:subfield>
      </marc:datafield>
      <marc:datafield tag="084" ind1=" " ind2=" ">
         <marc:subfield code="a">CU 8590</marc:subfield>
         <marc:subfield code="2">rvk</marc:subfield>
         <marc:subfield code="0">(DE-625)rvk/19145:</marc:subfield>
      </marc:datafield>
      <marc:datafield tag="084" ind1=" " ind2=" ">
         <marc:subfield code="a">CU 8000</marc:subfield>
         <marc:subfield code="2">rvk</marc:subfield>
         <marc:subfield code="0">(DE-625)rvk/19124:</marc:subfield>
      </marc:datafield>
      <marc:datafield tag="100" ind1="1" ind2=" ">
         <marc:subfield code="a">Rüping, Sibylle</marc:subfield>
         <marc:subfield code="4">aut</marc:subfield>
      </marc:datafield>
      <marc:datafield tag="245" ind1="1" ind2="0">
         <marc:subfield code="a">Musiktherapiekatalog</marc:subfield>
         <marc:subfield code="b">musikalische Spielmöglichkeiten für psychisch fehlentwickelte Kinder</marc:subfield>
         <marc:subfield code="c">von Sibylle Rüping. Mit 94 farb. Abb. gezeichnet von Dagmar Elsner-Schwintowsky</marc:subfield>
      </marc:datafield>
      <marc:datafield tag="250" ind1=" " ind2=" ">
         <marc:subfield code="a">1. Aufl.</marc:subfield>
      </marc:datafield>
      <marc:datafield tag="264" ind1=" " ind2="1">
         <marc:subfield code="a">Leipzig</marc:subfield>
         <marc:subfield code="b">Thieme</marc:subfield>
         <marc:subfield code="c">1988</marc:subfield>
      </marc:datafield>
      <marc:datafield tag="300" ind1=" " ind2=" ">
         <marc:subfield code="a">109 S.</marc:subfield>
         <marc:subfield code="b">Ill.</marc:subfield>
      </marc:datafield>
      <marc:datafield tag="336" ind1=" " ind2=" ">
         <marc:subfield code="a">Text</marc:subfield>
         <marc:subfield code="b">txt</marc:subfield>
         <marc:subfield code="2">rdacontent</marc:subfield>
      </marc:datafield>
      <marc:datafield tag="337" ind1=" " ind2=" ">
         <marc:subfield code="a">ohne Hilfsmittel zu benutzen</marc:subfield>
         <marc:subfield code="b">n</marc:subfield>
         <marc:subfield code="2">rdamedia</marc:subfield>
      </marc:datafield>
      <marc:datafield tag="338" ind1=" " ind2=" ">
         <marc:subfield code="a">Band</marc:subfield>
         <marc:subfield code="b">nc</marc:subfield>
         <marc:subfield code="2">rdacarrier</marc:subfield>
      </marc:datafield>
      <marc:datafield tag="583" ind1="1" ind2=" ">
         <marc:subfield code="a">Archivierung/Langzeitarchivierung geplant</marc:subfield>
         <marc:subfield code="c">20200919</marc:subfield>
         <marc:subfield code="f">DE-640</marc:subfield>
         <marc:subfield code="z">2</marc:subfield>
         <marc:subfield code="2">pdager</marc:subfield>
      </marc:datafield>
      <marc:datafield tag="591" ind1=" " ind2=" ">
         <marc:subfield code="a">720 ff. bvb; 580 ff. bvb ; 5090: DDSU/sred ; IMD-Felder und 1131 maschinell ergänzt (SWB)</marc:subfield>
      </marc:datafield>
      <marc:datafield tag="650" ind1="0" ind2="7">
         <marc:subfield code="0">(DE-588)4135740-1</marc:subfield>
         <marc:subfield code="0">(DE-627)105662852</marc:subfield>
         <marc:subfield code="0">(DE-576)209663340</marc:subfield>
         <marc:subfield code="a">Neuropsychologie</marc:subfield>
         <marc:subfield code="2">gnd</marc:subfield>
      </marc:datafield>
      <marc:datafield tag="650" ind1="0" ind2="7">
         <marc:subfield code="0">(DE-588)4030550-8</marc:subfield>
         <marc:subfield code="0">(DE-627)104360100</marc:subfield>
         <marc:subfield code="0">(DE-576)208988165</marc:subfield>
         <marc:subfield code="a">Kind</marc:subfield>
         <marc:subfield code="2">gnd</marc:subfield>
      </marc:datafield>
      <marc:datafield tag="650" ind1="0" ind2="7">
         <marc:subfield code="0">(DE-588)4019852-2</marc:subfield>
         <marc:subfield code="0">(DE-627)106320092</marc:subfield>
         <marc:subfield code="0">(DE-576)208930973</marc:subfield>
         <marc:subfield code="a">Geistige Behinderung</marc:subfield>
         <marc:subfield code="2">gnd</marc:subfield>
      </marc:datafield>
      <marc:datafield tag="650" ind1="0" ind2="7">
         <marc:subfield code="0">(DE-588)4040878-4</marc:subfield>
         <marc:subfield code="0">(DE-627)104682701</marc:subfield>
         <marc:subfield code="0">(DE-576)209042575</marc:subfield>
         <marc:subfield code="a">Musiktherapie</marc:subfield>
         <marc:subfield code="2">gnd</marc:subfield>
      </marc:datafield>
      <marc:datafield tag="650" ind1="0" ind2="7">
         <marc:subfield code="0">(DE-588)4056218-9</marc:subfield>
         <marc:subfield code="0">(DE-627)106155369</marc:subfield>
         <marc:subfield code="0">(DE-576)209116994</marc:subfield>
         <marc:subfield code="a">Spiel</marc:subfield>
         <marc:subfield code="2">gnd</marc:subfield>
      </marc:datafield>
      <marc:datafield tag="689" ind1="0" ind2="0">
         <marc:subfield code="D">s</marc:subfield>
         <marc:subfield code="0">(DE-588)4030550-8</marc:subfield>
         <marc:subfield code="0">(DE-627)104360100</marc:subfield>
         <marc:subfield code="0">(DE-576)208988165</marc:subfield>
         <marc:subfield code="a">Kind</marc:subfield>
         <marc:subfield code="2">gnd</marc:subfield>
      </marc:datafield>
      <marc:datafield tag="689" ind1="0" ind2="1">
         <marc:subfield code="D">s</marc:subfield>
         <marc:subfield code="0">(DE-588)4041901-0</marc:subfield>
         <marc:subfield code="0">(DE-627)106216953</marc:subfield>
         <marc:subfield code="0">(DE-576)209047534</marc:subfield>
         <marc:subfield code="a">Neurose</marc:subfield>
         <marc:subfield code="2">gnd</marc:subfield>
      </marc:datafield>
      <marc:datafield tag="689" ind1="0" ind2="2">
         <marc:subfield code="D">s</marc:subfield>
         <marc:subfield code="0">(DE-588)4040878-4</marc:subfield>
         <marc:subfield code="0">(DE-627)104682701</marc:subfield>
         <marc:subfield code="0">(DE-576)209042575</marc:subfield>
         <marc:subfield code="a">Musiktherapie</marc:subfield>
         <marc:subfield code="2">gnd</marc:subfield>
      </marc:datafield>
      <marc:datafield tag="689" ind1="0" ind2=" ">
         <marc:subfield code="5">(DE-627)</marc:subfield>
      </marc:datafield>
      <marc:datafield tag="689" ind1="1" ind2="0">
         <marc:subfield code="D">s</marc:subfield>
         <marc:subfield code="0">(DE-588)4040878-4</marc:subfield>
         <marc:subfield code="0">(DE-627)104682701</marc:subfield>
         <marc:subfield code="0">(DE-576)209042575</marc:subfield>
         <marc:subfield code="a">Musiktherapie</marc:subfield>
         <marc:subfield code="2">gnd</marc:subfield>
      </marc:datafield>
      <marc:datafield tag="689" ind1="1" ind2="1">
         <marc:subfield code="D">s</marc:subfield>
         <marc:subfield code="0">(DE-588)4030550-8</marc:subfield>
         <marc:subfield code="0">(DE-627)104360100</marc:subfield>
         <marc:subfield code="0">(DE-576)208988165</marc:subfield>
         <marc:subfield code="a">Kind</marc:subfield>
         <marc:subfield code="2">gnd</marc:subfield>
      </marc:datafield>
      <marc:datafield tag="689" ind1="1" ind2=" ">
         <marc:subfield code="5">(DE-627)</marc:subfield>
      </marc:datafield>
      <marc:datafield tag="850" ind1=" " ind2=" ">
         <marc:subfield code="a">ab</marc:subfield>
      </marc:datafield>
      <marc:datafield tag="936" ind1="r" ind2="v">
         <marc:subfield code="a">LR 57800</marc:subfield>
         <marc:subfield code="b">Medizin (einschl. Psychotherapie)</marc:subfield>
         <marc:subfield code="k">Musikwissenschaft</marc:subfield>
         <marc:subfield code="k">I. Musica theoretica</marc:subfield>
         <marc:subfield code="k">Sachteil: Musica theoretica (einschl. Realien mit geographischem Bezug)</marc:subfield>
         <marc:subfield code="k">Musik in Beziehung zu oder im Vergleich mit anderen Gegenständen und Disziplinen</marc:subfield>
         <marc:subfield code="k">Medizin (einschl. Psychotherapie)</marc:subfield>
         <marc:subfield code="0">(DE-627)1270820869</marc:subfield>
         <marc:subfield code="0">(DE-576)200820869</marc:subfield>
      </marc:datafield>
      <marc:datafield tag="936" ind1="r" ind2="v">
         <marc:subfield code="a">CU 8590</marc:subfield>
         <marc:subfield code="b">Sonstige Behandlungsmethoden</marc:subfield>
         <marc:subfield code="k">Psychologie</marc:subfield>
         <marc:subfield code="k">Klinische Psychologie</marc:subfield>
         <marc:subfield code="k">Psychologische Behandlungsmethoden, Psychotherapie</marc:subfield>
         <marc:subfield code="k">Behandlungsmethoden</marc:subfield>
         <marc:subfield code="k">Sonstige Behandlungsmethoden</marc:subfield>
         <marc:subfield code="0">(DE-627)1270953265</marc:subfield>
         <marc:subfield code="0">(DE-625)rvk/19145:</marc:subfield>
         <marc:subfield code="0">(DE-576)200953265</marc:subfield>
      </marc:datafield>
      <marc:datafield tag="936" ind1="r" ind2="v">
         <marc:subfield code="a">CU 8000</marc:subfield>
         <marc:subfield code="b">Allgemeines, Einführungen, Gesamtdarstellungen</marc:subfield>
         <marc:subfield code="k">Psychologie</marc:subfield>
         <marc:subfield code="k">Klinische Psychologie</marc:subfield>
         <marc:subfield code="k">Psychologische Behandlungsmethoden, Psychotherapie</marc:subfield>
         <marc:subfield code="k">Allgemeines, Einführungen, Gesamtdarstellungen</marc:subfield>
         <marc:subfield code="0">(DE-627)1271481030</marc:subfield>
         <marc:subfield code="0">(DE-625)rvk/19124:</marc:subfield>
         <marc:subfield code="0">(DE-576)201481030</marc:subfield>
      </marc:datafield>
      <marc:datafield tag="951" ind1=" " ind2=" ">
         <marc:subfield code="a">BO</marc:subfield>
      </marc:datafield>
   </marc:record>