
   <marc:record>
      <marc:leader>     cam a22        4500</marc:leader>
      <marc:controlfield tag="001">506351343</marc:controlfield>
      <marc:controlfield tag="003">DE-576</marc:controlfield>
      <marc:controlfield tag="005">20201117192825.0</marc:controlfield>
      <marc:controlfield tag="007">tu</marc:controlfield>
      <marc:controlfield tag="008">180614s2018    xx |||||      00| ||eng c</marc:controlfield>
      <marc:datafield tag="020" ind1=" " ind2=" ">
         <marc:subfield code="a">9780190651794</marc:subfield>
         <marc:subfield code="c">(hbk.)</marc:subfield>
         <marc:subfield code="9">978-0-19-065179-4</marc:subfield>
      </marc:datafield>
      <marc:datafield tag="024" ind1="3" ind2=" ">
         <marc:subfield code="a">9780190651794</marc:subfield>
      </marc:datafield>
      <marc:datafield tag="035" ind1=" " ind2=" ">
         <marc:subfield code="a">(DE-627)1638417989</marc:subfield>
      </marc:datafield>
      <marc:datafield tag="035" ind1=" " ind2=" ">
         <marc:subfield code="a">(DE-576)506351343</marc:subfield>
      </marc:datafield>
      <marc:datafield tag="035" ind1=" " ind2=" ">
         <marc:subfield code="a">(DE-599)BSZ506351343</marc:subfield>
      </marc:datafield>
      <marc:datafield tag="035" ind1=" " ind2=" ">
         <marc:subfield code="a">(OCoLC)1040664276</marc:subfield>
      </marc:datafield>
      <marc:datafield tag="035" ind1=" " ind2=" ">
         <marc:subfield code="a">(OCoLC)1040664276</marc:subfield>
      </marc:datafield>
      <marc:datafield tag="040" ind1=" " ind2=" ">
         <marc:subfield code="a">DE-576</marc:subfield>
         <marc:subfield code="b">ger</marc:subfield>
         <marc:subfield code="c">DE-576</marc:subfield>
         <marc:subfield code="e">rda</marc:subfield>
      </marc:datafield>
      <marc:datafield tag="041" ind1=" " ind2=" ">
         <marc:subfield code="a">eng</marc:subfield>
      </marc:datafield>
      <marc:datafield tag="050" ind1=" " ind2="0">
         <marc:subfield code="a">ML410.K163</marc:subfield>
      </marc:datafield>
      <marc:datafield tag="082" ind1="0" ind2=" ">
         <marc:subfield code="a">792.6/42</marc:subfield>
         <marc:subfield code="q">LOC</marc:subfield>
         <marc:subfield code="2">23</marc:subfield>
      </marc:datafield>
      <marc:datafield tag="084" ind1=" " ind2=" ">
         <marc:subfield code="a">LR 54137</marc:subfield>
         <marc:subfield code="2">rvk</marc:subfield>
         <marc:subfield code="0">(DE-625)rvk/109631:13535</marc:subfield>
      </marc:datafield>
      <marc:datafield tag="084" ind1=" " ind2=" ">
         <marc:subfield code="a">24.65</marc:subfield>
         <marc:subfield code="2">bkl</marc:subfield>
      </marc:datafield>
      <marc:datafield tag="100" ind1="1" ind2=" ">
         <marc:subfield code="a">Mordden, Ethan</marc:subfield>
         <marc:subfield code="d">1947-</marc:subfield>
         <marc:subfield code="e">VerfasserIn</marc:subfield>
         <marc:subfield code="0">(DE-588)1028275684</marc:subfield>
         <marc:subfield code="0">(DE-627)730514072</marc:subfield>
         <marc:subfield code="0">(DE-576)162284616</marc:subfield>
         <marc:subfield code="4">aut</marc:subfield>
      </marc:datafield>
      <marc:datafield tag="245" ind1="1" ind2="0">
         <marc:subfield code="a">All that jazz</marc:subfield>
         <marc:subfield code="b">the life and times of the musical Chicago</marc:subfield>
         <marc:subfield code="c">Ethan Mordden</marc:subfield>
      </marc:datafield>
      <marc:datafield tag="264" ind1=" " ind2="1">
         <marc:subfield code="a">New York, NY</marc:subfield>
         <marc:subfield code="b">Oxford University Press</marc:subfield>
         <marc:subfield code="c">[2018]</marc:subfield>
      </marc:datafield>
      <marc:datafield tag="300" ind1=" " ind2=" ">
         <marc:subfield code="a">vii, 260 Seiten, [16] ungezählte Seiten Bildtafeln</marc:subfield>
         <marc:subfield code="b">Illustrationen</marc:subfield>
      </marc:datafield>
      <marc:datafield tag="336" ind1=" " ind2=" ">
         <marc:subfield code="a">Text</marc:subfield>
         <marc:subfield code="b">txt</marc:subfield>
         <marc:subfield code="2">rdacontent</marc:subfield>
      </marc:datafield>
      <marc:datafield tag="337" ind1=" " ind2=" ">
         <marc:subfield code="a">ohne Hilfsmittel zu benutzen</marc:subfield>
         <marc:subfield code="b">n</marc:subfield>
         <marc:subfield code="2">rdamedia</marc:subfield>
      </marc:datafield>
      <marc:datafield tag="338" ind1=" " ind2=" ">
         <marc:subfield code="a">Band</marc:subfield>
         <marc:subfield code="b">nc</marc:subfield>
         <marc:subfield code="2">rdacarrier</marc:subfield>
      </marc:datafield>
      <marc:datafield tag="500" ind1=" " ind2=" ">
         <marc:subfield code="a">Includes bibliographical references, discography and index</marc:subfield>
      </marc:datafield>
      <marc:datafield tag="520" ind1=" " ind2=" ">
         <marc:subfield code="a">"In 1975, the Broadway musical Chicago brought together a host of memes and myths-- the gleefully subversive character of American musical comedy, the reckless glamour of the big-city newspaper, the mad decade of the 1920s, the work of Bob Fosse and Gwen Verdon (two of the greatest talents in the musical's history), and the Wild West gangsterville that was the city of Chicago itself. The tale of a young woman who murders her departing lover and then tricks the jury into letting her off, Chicago seemed too blunt and cynical at first. Everyone agreed it was show biz at its brilliant best, yet the public still preferred A Chorus Line, with its cast of innocents and sentimental feeling. Nevertheless, the 1996 Chicago revival is now the longest-running American musical in history, and the movie version won the Best Picture Oscar. As author Ethan Mordden looks back at Chicago's various moving parts-- including the original 1926 play that started it all, a sexy silent film directed by Cecil B. DeMille, a talkie remake with Ginger Rogers, the musical itself, and at last the movie of the musical-- we see how the American theatre serves as a kind of alternative news medium, a town crier warning the public about the racy, devious interior contradictions of American society. Opinionated, witty, and rich in backstage anecdotes, [this book] brings the American Musical to life in all its artistry and excitement."--Amazon.com</marc:subfield>
      </marc:datafield>
      <marc:datafield tag="520" ind1=" " ind2=" ">
         <marc:subfield code="a">The city: unregulated capitalism -- The era: "Be nonchalant ... light a Murad" -- The play: "Like hell you're through!" -- The first movie: Amos is the hero -- The invention of the satiric musical: How can you tell an American? -- The second movie: "I'm going to make a character man of you if you don't behave yourself" -- Fosse &amp; Verdon and Kander &amp; Ebb: "You have to act your dancing" -- The musical: "No show is worth dying for" -- The revival and the third movie: "If it doesn't fit, you must acquit!"</marc:subfield>
      </marc:datafield>
      <marc:datafield tag="591" ind1=" " ind2=" ">
         <marc:subfield code="a">5550:S1LB18/sred (SWB)</marc:subfield>
      </marc:datafield>
      <marc:datafield tag="600" ind1="1" ind2="0">
         <marc:subfield code="a">Kander, John</marc:subfield>
         <marc:subfield code="t">Chicago</marc:subfield>
      </marc:datafield>
      <marc:datafield tag="650" ind1=" " ind2="0">
         <marc:subfield code="a">Musicals</marc:subfield>
         <marc:subfield code="z">United States</marc:subfield>
         <marc:subfield code="x">History and criticism</marc:subfield>
      </marc:datafield>
      <marc:datafield tag="650" ind1=" " ind2="0">
         <marc:subfield code="a">Musical films</marc:subfield>
         <marc:subfield code="z">United States</marc:subfield>
         <marc:subfield code="x">History and criticism</marc:subfield>
      </marc:datafield>
      <marc:datafield tag="651" ind1=" " ind2="0">
         <marc:subfield code="a">Chicago (Ill.)</marc:subfield>
         <marc:subfield code="x">Drama</marc:subfield>
         <marc:subfield code="x">History and criticism</marc:subfield>
      </marc:datafield>
      <marc:datafield tag="689" ind1="0" ind2="0">
         <marc:subfield code="D">u</marc:subfield>
         <marc:subfield code="0">(DE-588)300537611</marc:subfield>
         <marc:subfield code="0">(DE-627)702111864</marc:subfield>
         <marc:subfield code="0">(DE-576)135898757</marc:subfield>
         <marc:subfield code="a">Kander, John</marc:subfield>
         <marc:subfield code="d">1927-</marc:subfield>
         <marc:subfield code="t">Chicago</marc:subfield>
         <marc:subfield code="2">gnd</marc:subfield>
      </marc:datafield>
      <marc:datafield tag="689" ind1="0" ind2="1">
         <marc:subfield code="D">p</marc:subfield>
         <marc:subfield code="0">(DE-588)118943960</marc:subfield>
         <marc:subfield code="0">(DE-627)079722032</marc:subfield>
         <marc:subfield code="0">(DE-576)174470347</marc:subfield>
         <marc:subfield code="a">Fosse, Bob</marc:subfield>
         <marc:subfield code="d">1927-1987</marc:subfield>
         <marc:subfield code="2">gnd</marc:subfield>
      </marc:datafield>
      <marc:datafield tag="689" ind1="0" ind2="2">
         <marc:subfield code="D">p</marc:subfield>
         <marc:subfield code="0">(DE-588)12099321X</marc:subfield>
         <marc:subfield code="0">(DE-627)081016255</marc:subfield>
         <marc:subfield code="0">(DE-576)165068590</marc:subfield>
         <marc:subfield code="a">Kander, John</marc:subfield>
         <marc:subfield code="d">1927-</marc:subfield>
         <marc:subfield code="2">gnd</marc:subfield>
      </marc:datafield>
      <marc:datafield tag="689" ind1="0" ind2="3">
         <marc:subfield code="D">p</marc:subfield>
         <marc:subfield code="0">(DE-588)129293318</marc:subfield>
         <marc:subfield code="0">(DE-627)392606984</marc:subfield>
         <marc:subfield code="0">(DE-576)165068604</marc:subfield>
         <marc:subfield code="a">Ebb, Fred</marc:subfield>
         <marc:subfield code="d">1932-2004</marc:subfield>
         <marc:subfield code="2">gnd</marc:subfield>
      </marc:datafield>
      <marc:datafield tag="689" ind1="0" ind2=" ">
         <marc:subfield code="5">DE-101</marc:subfield>
      </marc:datafield>
      <marc:datafield tag="689" ind1="1" ind2="0">
         <marc:subfield code="D">u</marc:subfield>
         <marc:subfield code="0">(DE-588)300537611</marc:subfield>
         <marc:subfield code="0">(DE-627)702111864</marc:subfield>
         <marc:subfield code="0">(DE-576)135898757</marc:subfield>
         <marc:subfield code="a">Kander, John</marc:subfield>
         <marc:subfield code="d">1927-</marc:subfield>
         <marc:subfield code="t">Chicago</marc:subfield>
         <marc:subfield code="2">gnd</marc:subfield>
      </marc:datafield>
      <marc:datafield tag="689" ind1="1" ind2="1">
         <marc:subfield code="D">p</marc:subfield>
         <marc:subfield code="0">(DE-588)118943960</marc:subfield>
         <marc:subfield code="0">(DE-627)079722032</marc:subfield>
         <marc:subfield code="0">(DE-576)174470347</marc:subfield>
         <marc:subfield code="a">Fosse, Bob</marc:subfield>
         <marc:subfield code="d">1927-1987</marc:subfield>
         <marc:subfield code="2">gnd</marc:subfield>
      </marc:datafield>
      <marc:datafield tag="689" ind1="1" ind2="2">
         <marc:subfield code="D">p</marc:subfield>
         <marc:subfield code="0">(DE-588)12099321X</marc:subfield>
         <marc:subfield code="0">(DE-627)081016255</marc:subfield>
         <marc:subfield code="0">(DE-576)165068590</marc:subfield>
         <marc:subfield code="a">Kander, John</marc:subfield>
         <marc:subfield code="d">1927-</marc:subfield>
         <marc:subfield code="2">gnd</marc:subfield>
      </marc:datafield>
      <marc:datafield tag="689" ind1="1" ind2="3">
         <marc:subfield code="D">p</marc:subfield>
         <marc:subfield code="0">(DE-588)129293318</marc:subfield>
         <marc:subfield code="0">(DE-627)392606984</marc:subfield>
         <marc:subfield code="0">(DE-576)165068604</marc:subfield>
         <marc:subfield code="a">Ebb, Fred</marc:subfield>
         <marc:subfield code="d">1932-2004</marc:subfield>
         <marc:subfield code="2">gnd</marc:subfield>
      </marc:datafield>
      <marc:datafield tag="689" ind1="1" ind2=" ">
         <marc:subfield code="5">(DE-627)</marc:subfield>
      </marc:datafield>
      <marc:datafield tag="776" ind1="1" ind2=" ">
         <marc:subfield code="z">9780190651800</marc:subfield>
      </marc:datafield>
      <marc:datafield tag="776" ind1="1" ind2=" ">
         <marc:subfield code="z">9780190651817</marc:subfield>
      </marc:datafield>
      <marc:datafield tag="776" ind1="0" ind2="8">
         <marc:subfield code="i">Erscheint auch als</marc:subfield>
         <marc:subfield code="n">Online-Ausgabe</marc:subfield>
         <marc:subfield code="a">Mordden, Ethan</marc:subfield>
         <marc:subfield code="t">All that jazz</marc:subfield>
         <marc:subfield code="d">New York, NY : Oxford University Press, 2018</marc:subfield>
         <marc:subfield code="h">1 online resource</marc:subfield>
         <marc:subfield code="w">(DE-627)1046191497</marc:subfield>
         <marc:subfield code="w">(DE-576)514943262</marc:subfield>
         <marc:subfield code="z">9780190860929</marc:subfield>
      </marc:datafield>
      <marc:datafield tag="776" ind1="0" ind2="8">
         <marc:subfield code="i">Online version</marc:subfield>
         <marc:subfield code="a">Mordden, Ethan, 1947- author</marc:subfield>
         <marc:subfield code="t">All that jazz</marc:subfield>
         <marc:subfield code="d">New York, NY : Oxford University Press, [2018]</marc:subfield>
         <marc:subfield code="w">(DLC)2017032526</marc:subfield>
      </marc:datafield>
      <marc:datafield tag="936" ind1="r" ind2="v">
         <marc:subfield code="a">LR 54137</marc:subfield>
         <marc:subfield code="b">20. Jahrhundert</marc:subfield>
         <marc:subfield code="k">Musikwissenschaft</marc:subfield>
         <marc:subfield code="k">I. Musica theoretica</marc:subfield>
         <marc:subfield code="k">Sachteil: Musica theoretica (einschl. Realien mit geographischem Bezug)</marc:subfield>
         <marc:subfield code="k">Musikalische Gattungen, Formen, Termini</marc:subfield>
         <marc:subfield code="k">Einzelne Gattungen und Formen:</marc:subfield>
         <marc:subfield code="k">Gattungen und Formen M</marc:subfield>
         <marc:subfield code="k">Musical</marc:subfield>
         <marc:subfield code="k">20. Jahrhundert</marc:subfield>
         <marc:subfield code="0">(DE-627)1441208909</marc:subfield>
         <marc:subfield code="0">(DE-625)rvk/109631:13535</marc:subfield>
         <marc:subfield code="0">(DE-576)371208904</marc:subfield>
      </marc:datafield>
      <marc:datafield tag="936" ind1="b" ind2="k">
         <marc:subfield code="a">24.65</marc:subfield>
         <marc:subfield code="j">Jazzmusik</marc:subfield>
         <marc:subfield code="j">Popmusik</marc:subfield>
         <marc:subfield code="j">Rockmusik</marc:subfield>
         <marc:subfield code="0">(DE-627)106405977</marc:subfield>
      </marc:datafield>
      <marc:datafield tag="951" ind1=" " ind2=" ">
         <marc:subfield code="a">BO</marc:subfield>
      </marc:datafield>
   </marc:record>