
   <marc:record>
      <marc:leader>     cam a22        4500</marc:leader>
      <marc:controlfield tag="001">256330298</marc:controlfield>
      <marc:controlfield tag="003">DE-576</marc:controlfield>
      <marc:controlfield tag="005">20180726102533.0</marc:controlfield>
      <marc:controlfield tag="007">tu</marc:controlfield>
      <marc:controlfield tag="008">060821s2006    xxk|||||      00| ||eng c</marc:controlfield>
      <marc:datafield tag="016" ind1="7" ind2=" ">
         <marc:subfield code="a">b596767</marc:subfield>
         <marc:subfield code="2">UK</marc:subfield>
      </marc:datafield>
      <marc:datafield tag="020" ind1=" " ind2=" ">
         <marc:subfield code="a">0415379423</marc:subfield>
         <marc:subfield code="c">(hbk.) : £60.00 : £16.99</marc:subfield>
         <marc:subfield code="9">0-415-37942-3</marc:subfield>
      </marc:datafield>
      <marc:datafield tag="020" ind1=" " ind2=" ">
         <marc:subfield code="a">0415379504</marc:subfield>
         <marc:subfield code="c">(pbk) : £16.99 hbk. : £60.00</marc:subfield>
         <marc:subfield code="9">0-415-37950-4</marc:subfield>
      </marc:datafield>
      <marc:datafield tag="020" ind1=" " ind2=" ">
         <marc:subfield code="z">9780415379427</marc:subfield>
      </marc:datafield>
      <marc:datafield tag="020" ind1=" " ind2=" ">
         <marc:subfield code="z">9780415379502</marc:subfield>
      </marc:datafield>
      <marc:datafield tag="035" ind1=" " ind2=" ">
         <marc:subfield code="a">(DE-627)1628592672</marc:subfield>
      </marc:datafield>
      <marc:datafield tag="035" ind1=" " ind2=" ">
         <marc:subfield code="a">(DE-576)256330298</marc:subfield>
      </marc:datafield>
      <marc:datafield tag="035" ind1=" " ind2=" ">
         <marc:subfield code="a">(DE-599)BSZ256330298</marc:subfield>
      </marc:datafield>
      <marc:datafield tag="035" ind1=" " ind2=" ">
         <marc:subfield code="a">(OCoLC)62172725</marc:subfield>
      </marc:datafield>
      <marc:datafield tag="040" ind1=" " ind2=" ">
         <marc:subfield code="a">DE-576</marc:subfield>
         <marc:subfield code="b">ger</marc:subfield>
         <marc:subfield code="c">DE-576</marc:subfield>
         <marc:subfield code="e">rakwb</marc:subfield>
      </marc:datafield>
      <marc:datafield tag="041" ind1=" " ind2=" ">
         <marc:subfield code="a">eng</marc:subfield>
      </marc:datafield>
      <marc:datafield tag="044" ind1=" " ind2=" ">
         <marc:subfield code="c">XA-GB</marc:subfield>
      </marc:datafield>
      <marc:datafield tag="082" ind1="0" ind2=" ">
         <marc:subfield code="a">791.43657</marc:subfield>
      </marc:datafield>
      <marc:datafield tag="082" ind1="0" ind2=" ">
         <marc:subfield code="a">791.43/657</marc:subfield>
      </marc:datafield>
      <marc:datafield tag="084" ind1=" " ind2=" ">
         <marc:subfield code="a">AP 82400</marc:subfield>
         <marc:subfield code="2">rvk</marc:subfield>
         <marc:subfield code="0">(DE-625)rvk/8005:</marc:subfield>
      </marc:datafield>
      <marc:datafield tag="084" ind1=" " ind2=" ">
         <marc:subfield code="a">AP 84900</marc:subfield>
         <marc:subfield code="2">rvk</marc:subfield>
         <marc:subfield code="0">(DE-625)rvk/8044:</marc:subfield>
      </marc:datafield>
      <marc:datafield tag="100" ind1="1" ind2=" ">
         <marc:subfield code="a">McPherson, Katrina</marc:subfield>
         <marc:subfield code="4">aut</marc:subfield>
      </marc:datafield>
      <marc:datafield tag="245" ind1="1" ind2="0">
         <marc:subfield code="a">Making video dance</marc:subfield>
         <marc:subfield code="b">a step-by-step guide to creating dance for the screen</marc:subfield>
         <marc:subfield code="c">Katrina McPherson</marc:subfield>
      </marc:datafield>
      <marc:datafield tag="250" ind1=" " ind2=" ">
         <marc:subfield code="a">1. publ.</marc:subfield>
      </marc:datafield>
      <marc:datafield tag="264" ind1=" " ind2="1">
         <marc:subfield code="a">London [u.a.]</marc:subfield>
         <marc:subfield code="b">Routledge</marc:subfield>
         <marc:subfield code="c">2006</marc:subfield>
      </marc:datafield>
      <marc:datafield tag="300" ind1=" " ind2=" ">
         <marc:subfield code="a">XXXI, 261 S.</marc:subfield>
         <marc:subfield code="b">Ill.</marc:subfield>
         <marc:subfield code="c">24cm</marc:subfield>
      </marc:datafield>
      <marc:datafield tag="336" ind1=" " ind2=" ">
         <marc:subfield code="a">Text</marc:subfield>
         <marc:subfield code="b">txt</marc:subfield>
         <marc:subfield code="2">rdacontent</marc:subfield>
      </marc:datafield>
      <marc:datafield tag="337" ind1=" " ind2=" ">
         <marc:subfield code="a">ohne Hilfsmittel zu benutzen</marc:subfield>
         <marc:subfield code="b">n</marc:subfield>
         <marc:subfield code="2">rdamedia</marc:subfield>
      </marc:datafield>
      <marc:datafield tag="338" ind1=" " ind2=" ">
         <marc:subfield code="a">Band</marc:subfield>
         <marc:subfield code="b">nc</marc:subfield>
         <marc:subfield code="2">rdacarrier</marc:subfield>
      </marc:datafield>
      <marc:datafield tag="500" ind1=" " ind2=" ">
         <marc:subfield code="a">Includes bibliographical references. - Formerly CIP</marc:subfield>
      </marc:datafield>
      <marc:datafield tag="591" ind1=" " ind2=" ">
         <marc:subfield code="a">AP 82400:L1UB ; IMD-Felder und 1131 maschinell ergänzt (SWB)</marc:subfield>
      </marc:datafield>
      <marc:datafield tag="650" ind1=" " ind2="4">
         <marc:subfield code="a">Dance in motion pictures, television, etc.</marc:subfield>
         <marc:subfield code="x">Production and direction</marc:subfield>
      </marc:datafield>
      <marc:datafield tag="936" ind1="r" ind2="v">
         <marc:subfield code="a">AP 82400</marc:subfield>
         <marc:subfield code="b">Handbücher</marc:subfield>
         <marc:subfield code="k">Allgemeines</marc:subfield>
         <marc:subfield code="k">Medien- und Kommunikationswissenschaften, Kommunikationsdesign</marc:subfield>
         <marc:subfield code="k">Tanz</marc:subfield>
         <marc:subfield code="k">Nachschlagewerke, Allgemeine Darstellungen</marc:subfield>
         <marc:subfield code="k">Handbücher</marc:subfield>
         <marc:subfield code="0">(DE-627)1270693158</marc:subfield>
         <marc:subfield code="0">(DE-625)rvk/8005:</marc:subfield>
         <marc:subfield code="0">(DE-576)200693158</marc:subfield>
      </marc:datafield>
      <marc:datafield tag="936" ind1="r" ind2="v">
         <marc:subfield code="a">AP 84900</marc:subfield>
         <marc:subfield code="b">Tanz und Fotografie</marc:subfield>
         <marc:subfield code="k">Allgemeines</marc:subfield>
         <marc:subfield code="k">Medien- und Kommunikationswissenschaften, Kommunikationsdesign</marc:subfield>
         <marc:subfield code="k">Tanz</marc:subfield>
         <marc:subfield code="k">Beziehungen, Ausstrahlungen</marc:subfield>
         <marc:subfield code="k">Tanz und Fotografie</marc:subfield>
         <marc:subfield code="0">(DE-627)1270693506</marc:subfield>
         <marc:subfield code="0">(DE-625)rvk/8044:</marc:subfield>
         <marc:subfield code="0">(DE-576)200693506</marc:subfield>
      </marc:datafield>
      <marc:datafield tag="951" ind1=" " ind2=" ">
         <marc:subfield code="a">BO</marc:subfield>
      </marc:datafield>
   </marc:record>